<?xml version="1.0" encoding="UTF-8"?><collection xmlns="http://www.loc.gov/MARC21/slim"><record><leader>00441nam--2200169-i-4500</leader><controlfield tag="001">000013509</controlfield><controlfield tag="002">20161230</controlfield><controlfield tag="005">20170211155840</controlfield><controlfield tag="008">060222s1000------------r-----000-0-eng-d</controlfield><datafield ind1=" " ind2=" " tag="040"><subfield code="a">IFIN-HH</subfield></datafield><datafield ind1=" " ind2=" " tag="080"><subfield code="a">801.323.2=590=30</subfield></datafield><datafield ind1="1" ind2=" " tag="100"><subfield code="a">Hanes, Gheorghina</subfield></datafield><datafield ind1="1" ind2="0" tag="245"><subfield code="a">Mic dictionar roman-german</subfield><subfield code="c">Gherghina Hanes</subfield></datafield><datafield ind1=" " ind2=" " tag="260"><subfield code="a">Bucuresti</subfield><subfield code="b">Editura Sport-Turism</subfield><subfield code="c">1981</subfield></datafield><datafield ind1=" " ind2=" " tag="300"><subfield code="a">615 p</subfield></datafield><datafield ind1=" " ind2=" " tag="852"><subfield code="a">D.553</subfield><subfield code="c">SLG</subfield></datafield><datafield ind1=" " ind2=" " tag="CAT"><subfield code="a">SYS</subfield><subfield code="c">20170211</subfield><subfield code="h">155840</subfield></datafield></record></collection>